<?xml version="1.0" encoding="UTF-8"?><collection xmlns="http://www.loc.gov/MARC21/slim"><record><leader>00542nam--2200157-i-4500</leader><controlfield tag="001">000021678</controlfield><controlfield tag="002">20161230</controlfield><controlfield tag="005">20170115161610</controlfield><controlfield tag="008">060222s1000------------r-----000-0-eng-d</controlfield><datafield ind1=" " ind2=" " tag="100"><subfield code="a">Jensen, Hesselberg T</subfield></datafield><datafield ind1=" " ind2=" " tag="245"><subfield code="a">A survey of the energy balance in a thermonuclear reacting plasma, containing deuterium, tritium and reaction products under isothermal pulsed of steady-state conditions</subfield></datafield><datafield ind1=" " ind2=" " tag="260"><subfield code="a">Riso</subfield><subfield code="b">Danish Atomic Energy Commission</subfield><subfield code="c">1958</subfield></datafield><datafield ind1=" " ind2=" " tag="300"><subfield code="a">25 p</subfield></datafield><datafield ind1=" " ind2=" " tag="700"><subfield code="a">Wandel, C. F</subfield></datafield><datafield ind1=" " ind2=" " tag="852"><subfield code="a">12400</subfield></datafield><datafield ind1=" " ind2=" " tag="CAT"><subfield code="a">SYS</subfield><subfield code="c">20170115</subfield><subfield code="h">161610</subfield></datafield></record></collection>